<?xml version="1.0"?>
<zs:searchRetrieveResponse xmlns:zs="http://www.loc.gov/zing/srw/"><zs:version>1.1</zs:version><zs:numberOfRecords>1</zs:numberOfRecords><zs:records><zs:record><zs:recordSchema>marcxml</zs:recordSchema><zs:recordPacking>xml</zs:recordPacking><zs:recordData><record xmlns="http://www.loc.gov/MARC21/slim">
  <leader>01692cam a2200397 a 4500</leader>
  <controlfield tag="001">3507584</controlfield>
  <controlfield tag="005">20250607152444.8</controlfield>
  <controlfield tag="008">951011s1996    nyua          000 1 eng  </controlfield>
  <datafield tag="035" ind1=" " ind2=" ">
    <subfield code="a">3507584</subfield>
  </datafield>
  <datafield tag="906" ind1=" " ind2=" ">
    <subfield code="a">7</subfield>
    <subfield code="b">cbc</subfield>
    <subfield code="c">orignew</subfield>
    <subfield code="d">1</subfield>
    <subfield code="e">ocip</subfield>
    <subfield code="f">19</subfield>
    <subfield code="g">y-gencatlg</subfield>
  </datafield>
  <datafield tag="925" ind1="0" ind2=" ">
    <subfield code="a">acquire</subfield>
    <subfield code="b">1 shelf copy</subfield>
    <subfield code="x">policy default</subfield>
  </datafield>
  <datafield tag="955" ind1=" " ind2=" ">
    <subfield code="a">pc19 to la00 10-12-95; lj15/lj11 to subj 10-13-95; lj04 10-16-95;aa05 10-17-95; CIP ver. pv08 09-09-96</subfield>
    <subfield code="a">Item 00033664916 received in CCS 2010-05-13</subfield>
  </datafield>
  <datafield tag="955" ind1=" " ind2=" ">
    <subfield code="a">LCAP batch update 2025-06-02-04:00: LCAPM-644, LCAPM-150</subfield>
  </datafield>
  <datafield tag="010" ind1=" " ind2=" ">
    <subfield code="a">   95043936 </subfield>
  </datafield>
  <datafield tag="020" ind1=" " ind2=" ">
    <subfield code="a">0553103547</subfield>
  </datafield>
  <datafield tag="020" ind1=" " ind2=" ">
    <subfield code="a">9780553103540</subfield>
  </datafield>
  <datafield tag="035" ind1=" " ind2=" ">
    <subfield code="9">(DLC)   95043936</subfield>
  </datafield>
  <datafield tag="040" ind1=" " ind2=" ">
    <subfield code="a">DLC</subfield>
    <subfield code="c">DLC</subfield>
    <subfield code="d">DLC</subfield>
  </datafield>
  <datafield tag="050" ind1="0" ind2="0">
    <subfield code="a">PS3563.A7239</subfield>
    <subfield code="b">G36 1996</subfield>
  </datafield>
  <datafield tag="082" ind1="0" ind2="0">
    <subfield code="a">813/.54</subfield>
    <subfield code="2">20</subfield>
  </datafield>
  <datafield tag="100" ind1="1" ind2=" ">
    <subfield code="a">Martin, George R. R.</subfield>
  </datafield>
  <datafield tag="245" ind1="1" ind2="2">
    <subfield code="a">A game of thrones /</subfield>
    <subfield code="c">George R.R. Martin.</subfield>
  </datafield>
  <datafield tag="260" ind1=" " ind2=" ">
    <subfield code="a">New York :</subfield>
    <subfield code="b">Bantam Books,</subfield>
    <subfield code="c">1996.</subfield>
  </datafield>
  <datafield tag="300" ind1=" " ind2=" ">
    <subfield code="a">694 p. :</subfield>
    <subfield code="b">ill. ;</subfield>
    <subfield code="c">25 cm.</subfield>
  </datafield>
  <datafield tag="336" ind1=" " ind2=" ">
    <subfield code="a">text</subfield>
    <subfield code="b">txt</subfield>
    <subfield code="2">rdacontent</subfield>
  </datafield>
  <datafield tag="337" ind1=" " ind2=" ">
    <subfield code="a">unmediated</subfield>
    <subfield code="b">n</subfield>
    <subfield code="2">rdamedia</subfield>
  </datafield>
  <datafield tag="338" ind1=" " ind2=" ">
    <subfield code="a">volume</subfield>
    <subfield code="b">nc</subfield>
    <subfield code="2">rdacarrier</subfield>
  </datafield>
  <datafield tag="490" ind1="1" ind2=" ">
    <subfield code="a">A song of ice and fire ;</subfield>
    <subfield code="v">bk. 1</subfield>
  </datafield>
  <datafield tag="500" ind1=" " ind2=" ">
    <subfield code="a">Includes two maps covering the territory of A game of thrones on endpapers.</subfield>
  </datafield>
  <datafield tag="655" ind1=" " ind2="7">
    <subfield code="a">Fantasy fiction.</subfield>
    <subfield code="2">gsafd</subfield>
  </datafield>
  <datafield tag="800" ind1="1" ind2=" ">
    <subfield code="a">Martin, George R. R.</subfield>
    <subfield code="t">Song of ice and fire ;</subfield>
    <subfield code="v">bk. 1.</subfield>
  </datafield>
  <datafield tag="856" ind1="4" ind2="2">
    <subfield code="3">Contributor biographical information</subfield>
    <subfield code="u">http://www.loc.gov/catdir/bios/random057/95043936.html</subfield>
  </datafield>
  <datafield tag="856" ind1="4" ind2="1">
    <subfield code="3">Sample text</subfield>
    <subfield code="u">http://www.loc.gov/catdir/samples/random043/95043936.html</subfield>
  </datafield>
  <datafield tag="856" ind1="4" ind2="2">
    <subfield code="3">Publisher description</subfield>
    <subfield code="u">http://www.loc.gov/catdir/description/random047/95043936.html</subfield>
  </datafield>
  <datafield tag="920" ind1=" " ind2=" ">
    <subfield code="a">**LC HAS REQ'D # OF SHELF COPIES**</subfield>
  </datafield>
  <datafield tag="991" ind1=" " ind2=" ">
    <subfield code="b">c-GenColl</subfield>
    <subfield code="h">PS3563.A7239</subfield>
    <subfield code="i">G36 1996</subfield>
    <subfield code="p">00033471944</subfield>
    <subfield code="t">Copy 1</subfield>
    <subfield code="w">BOOKS</subfield>
  </datafield>
</record></zs:recordData><zs:recordPosition>1</zs:recordPosition></zs:record></zs:records><zs:echoedSearchRetrieveRequest><zs:version>1.1</zs:version><zs:query>bath.isbn=9780553103540</zs:query><zs:maximumRecords>1</zs:maximumRecords><zs:recordPacking>xml</zs:recordPacking><zs:recordSchema>marcxml</zs:recordSchema></zs:echoedSearchRetrieveRequest></zs:searchRetrieveResponse>
